@article{An2013,
 author = {An, Sungwon and Harang, Rich and Meeker, Kirsten and Granados-Fuentes, Daniel and Tsai, Connie A and Mazuski, Cristina and Kim, Jihee and {Doyle~III}, Francis J and Petzold, Linda R and Herzog, Erik D},
 journal = {Proc. Natl. Acad. Sci. U. S. A.},
 month = {nov},
 number = {46},
 pages = {E4355--E4361},
 title = {A neuropeptide speeds circadian entrainment by reducing intercellular synchrony.},
 volume = {110},
 year = {2013},
}

@article{Balsalobre1998,
 author = {Balsalobre, A and Damiola, F and Schibler, U},
 journal = {Cell},
 month = {jun},
 number = {6},
 pages = {929--937},
 title = {A serum shock induces circadian gene expression in mammalian tissue culture cells.},
 volume = {93},
 year = {1998},
}

@article{Bass2012,
 author = {Bass, Joseph},
 journal = {Nature},
 month = {nov},
 number = {7424},
 pages = {348--356},
 title = {Circadian topology of metabolism.},
 volume = {491},
 year = {2012},
}

@article{Birmingham2009,
 author = {Birmingham, Amanda and Selfors, Laura M and Forster, Thorsten and Wrobel, David and Kennedy, Caleb J and Shanks, Emma and Santoyo-Lopez, Javier and Dunican, Dara J and Long, Aideen and Kelleher, Dermot and Smith, Queta and Beijersbergen, Roderick L and Ghazal, Peter and Shamu, Caroline E},
 journal = {Nat. Methods},
 month = {aug},
 number = {8},
 pages = {569--575},
 publisher = {Nature Publishing Group},
 title = {Statistical methods for analysis of high-throughput RNA interference screens.},
 volume = {6},
 year = {2009},
}

@article{Chen2013,
 author = {Chen, Zheng and Yoo, Seung-Hee and Takahashi, Joseph S},
 journal = {Cell. Mol. Life Sci.},
 month = {aug},
 number = {16},
 pages = {2985--2998},
 title = {Small molecule modifiers of circadian clocks.},
 volume = {70},
 year = {2013},
}

@article{Guenthner2014,
 author = {Guenthner, Casey J and Luitje, Martha E and Pyle, Lorna A and Molyneux, Penny C and Yu, Jimmy K and Li, Alexander S and Leise, Tanya L and Harrington, Mary E},
 journal = {PLoS One},
 month = {jan},
 number = {2},
 pages = {e87573},
 title = {Circadian rhythms of Per2::Luc in individual primary mouse hepatocytes and cultures.},
 volume = {9},
 year = {2014},
}

@article{Hatori2012,
 author = {Hatori, Megumi and Vollmers, Christopher and Zarrinpar, Amir and DiTacchio, Luciano and Bushong, Eric A and Gill, Shubhroz and Leblanc, Mathias and Chaix, Amandine and Joens, Matthew and Fitzpatrick, James A J and Ellisman, Mark H and Panda, Satchidananda},
 journal = {Cell Metab.},
 month = {jun},
 number = {6},
 pages = {848--860},
 publisher = {Elsevier Inc.},
 title = {Time-restricted feeding without reducing caloric intake prevents metabolic diseases in mice fed a high-fat diet.},
 volume = {15},
 year = {2012},
}

@article{Herzog2004,
 author = {Herzog, Erik D and Aton, Sara J and Numano, Rika and Sakaki, Yoshiyuki and Tei, Hajime},
 journal = {J. Biol. Rhythms},
 month = {feb},
 number = {1},
 pages = {35--46},
 title = {Temporal precision in the mammalian circadian system: a reliable clock from less reliable neurons},
 volume = {19},
 year = {2004},
}

@article{Herzog2007,
 author = {Herzog, Erik D},
 journal = {Nat. Rev. Neurosci.},
 month = {oct},
 number = {10},
 pages = {790--802},
 title = {Neurons and networks in daily rhythms.},
 volume = {8},
 year = {2007},
}

@article{Hirota2012,
 author = {Hirota, Tsuyoshi and Lee, Jae Wook and {St. John}, Peter C and Sawa, Mariko and Iwaisako, Keiko and Noguchi, Takako and Pongsawakul, Pagkapol Y and Sonntag, Tim and Welsh, David K and Brenner, David A and {Doyle~III}, Francis J and Schultz, Peter G and Kay, Steve A},
 journal = {Science},
 month = {jul},
 number = {6098},
 pages = {1094--1097},
 title = {Identification of Small Molecule Activators of Cryptochrome.},
 volume = {337},
 year = {2012},
}

@article{Hua1990,
 author = {Hua, Y. and Sarkar, T.K.},
 journal = {IEEE Trans. Acoust.},
 month = {may},
 number = {5},
 pages = {814--824},
 title = {Matrix pencil method for estimating parameters of exponentially damped/undamped sinusoids in noise},
 volume = {38},
 year = {1990},
}

@article{Izumo2003,
 author = {Izumo, Mariko and Johnson, Carl Hirschie and Yamazaki, Shin},
 journal = {Proc. Natl. Acad. Sci. U. S. A.},
 pages = {16089--16094},
 title = {Circadian gene expression in mammalian fibroblasts revealed by real-time luminescence reporting: temperature compensation and damping.},
 volume = {100},
 year = {2003},
}

@article{Leise2012,
 author = {Leise, Tanya L. and Wang, Connie W. and Gitis, Paula J. and Welsh, David K.},
 journal = {PLoS One},
 number = {3},
 pages = {1--10},
 title = {Persistent cell-autonomous circadian oscillations in fibroblasts revealed by six-week single-cell imaging of PER2::LUC bioluminescence},
 volume = {7},
 year = {2012},
}

@article{Marcheva2010,
 author = {Marcheva, Biliana and Ramsey, Kathryn Moynihan and Buhr, Ethan D and Kobayashi, Yumiko and Su, Hong and Ko, Caroline H and Ivanova, Ganka and Omura, Chiaki and Mo, Shelley and Vitaterna, Martha H and Lopez, James P and Philipson, Louis H and Bradfield, Christopher A and Crosby, Seth D and JeBailey, Lellean and Wang, Xiaozhong and Takahashi, Joseph S and Bass, Joseph},
 journal = {Nature},
 month = {jul},
 number = {7306},
 pages = {627--631},
 publisher = {Nature Publishing Group},
 title = {Disruption of the clock components CLOCK and BMAL1 leads to hypoinsulinaemia and diabetes.},
 volume = {466},
 year = {2010},
}

@article{Nagoshi2004,
 author = {Nagoshi, Emi and Saini, Camille and Bauer, Christoph and Laroche, Thierry and Naef, Felix and Schibler, Ueli},
 journal = {Cell},
 month = {nov},
 number = {5},
 pages = {693--705},
 title = {Circadian gene expression in individual fibroblasts: cell-autonomous and self-sustained oscillators pass time to daughter cells.},
 volume = {119},
 year = {2004},
}

@article{Noguchi2013,
 author = {Noguchi, Takako and Wang, Lexie L and Welsh, David K},
 journal = {J. Biol. Rhythms},
 number = {3},
 pages = {183--192},
 title = {Fibroblast PER2 circadian rhythmicity depends on cell density.},
 volume = {28},
 year = {2013},
}

@article{Ravn2002,
 author = {Ravn, M.O. and Uhlig, H.},
 number = {May},
 title = {On adjusting the Hodrick-Prescott Filter for the frequency of observations},
 volume = {84},
 year = {2002},
}

@article{Rougemont2007,
 author = {Rougemont, Jacques and Naef, Felix},
 journal = {Mol. Syst. Biol.},
 month = {jan},
 number = {93},
 pages = {93},
 title = {Dynamical signatures of cellular fluctuations and oscillator stability in peripheral circadian clocks.},
 volume = {3},
 year = {2007},
}

@article{Sanft2011a,
 author = {Sanft, Kevin R and Wu, Sheng and Roh, Min and Fu, Jin and Lim, Rone Kwei and Petzold, Linda R},
 journal = {Bioinformatics},
 month = {sep},
 number = {17},
 pages = {2457--2458},
 title = {StochKit2: software for discrete stochastic simulation of biochemical systems with events.},
 volume = {27},
 year = {2011},
}

@article{St.John2014,
 author = {{St. John}, Peter C and Hirota, Tsuyoshi and Kay, Steve A. and {Doyle~III}, Francis J.},
 journal = {Proc. Natl. Acad. Sci. U. S. A.},
 month = {feb},
 number = {5},
 pages = {2040--2045},
 title = {Spatiotemporal separation of PER and CRY posttranslational regulation in the mammalian circadian clock.},
 volume = {111},
 year = {2014},
}

@article{St.John2014a,
 author = {{St. John}, Peter C. and Taylor, Stephanie R. and Abel, John H. and {Doyle~III}, Francis J.},
 journal = {Biophys. J.},
 month = {dec},
 number = {11},
 pages = {2712--2722},
 publisher = {Biophysical Society},
 title = {Amplitude Metrics for Cellular Circadian Bioluminescence Reporters},
 volume = {107},
 year = {2014},
}

@article{Ueda2005,
 author = {Ueda, Hiroki R and Hayashi, Satoko and Chen, Wenbin and Sano, Motoaki and Machida, Masayuki and Shigeyoshi, Yasufumi and Iino, Masamitsu and Hashimoto, Seiichi},
 journal = {Nat. Genet.},
 month = {mar},
 number = {2},
 pages = {187--192},
 title = {System-level identification of transcriptional circuits underlying mammalian circadian clocks},
 volume = {37},
 year = {2005},
}

@article{Vitaterna1994,
 author = {Vitaterna, M H and King, D P and Chang, A M and Kornhauser, J M and Lowrey, P L and McDonald, J D and Dove, W F and Pinto, L H and Turek, F W and Takahashi, J S},
 journal = {Science},
 number = {5159},
 pages = {719--725},
 title = {Mutagenesis and mapping of a mouse gene, Clock, essential for circadian behavior.},
 volume = {264},
 year = {1994},
}

@article{Welsh2004,
 author = {Welsh, David K and Yoo, Seung-Hee and Liu, Andrew C and Takahashi, Joseph S and Kay, Steve A},
 journal = {Curr. Biol.},
 month = {dec},
 number = {24},
 pages = {2289--2295},
 title = {Bioluminescence imaging of individual fibroblasts reveals persistent, independently phased circadian rhythms of clock gene expression.},
 volume = {14},
 year = {2004},
}

@article{Westermark2009,
 author = {Westermark, P\aa l O and Welsh, David K and Okamura, Hitoshi and Herzel, Hanspeter},
 journal = {PLoS Comput. Biol.},
 month = {nov},
 number = {11},
 pages = {e1000580},
 title = {Quantification of circadian rhythms in single cells.},
 volume = {5},
 year = {2009},
}

@article{Zhang2009,
 author = {Zhang, Eric E and Liu, Andrew C and Hirota, Tsuyoshi and Miraglia, Loren J and Welch, Genevieve and Pongsawakul, Pagkapol Y and Liu, Xianzhong and Atwood, Ann and Huss, Jon W and Janes, Jeff and Su, Andrew I and Hogenesch, John B and Kay, Steve A.},
 journal = {Cell},
 number = {1},
 pages = {199--210},
 publisher = {Elsevier Ltd},
 title = {A genome-wide RNAi screen for modifiers of the circadian clock in human cells},
 volume = {139},
 year = {2009},
}

@article{Zielinski2011,
 author = {Zieli\'{n}ski, Tomasz Piotr and Duda, Krzysztof},
 journal = {Metrol. Meas. Syst.},
 number = {4},
 pages = {505--528},
 title = {Frequency and damping estimation methods - An overview},
 volume = {18},
 year = {2011},
}

