/home/peter/Documents/Mendeley/library.bib